<<<<<<< HEAD
@article{Ref1, 
  title={Manga, anime y videojuegos japoneses: análisis de los principales factores de su éxito global},  
  author={i Hevia, Carme Mangiron},  
  journal={Puertas a la lectura},  
  number={24},  
  pages={28--43},  
  year={2012},  
  publisher={Servicio de Publicaciones}
}

@article{Ref2, 
  title={Problematic video game use as an emotional coping strategy: Evidence from a sample of MMORPG gamers},  
  author={Di Blasi, Maria},  
  journal={Journal of Behavioral Addictions},  
  volume={8},  
  number={1},  
  pages={25-34},  
  year={2019},  
  publisher={Akadémiai Kiadó},  
  doi={https://doi.org/10.1556/2006.8.2019.02}
}

@article{Ref3, 
  title={¿Qué hace divertido un videojuego? Acercamiento al concepto de diversión a través del análisis de videojuegos},  
  author={Guerrero Pastor, Marta},  
  year={2018},  
  institution={Universidad de Alicante},  
  url={https://rua.ua.es/dspace/bitstream/10045/73641/1/Que_hace_divertido_un_videojuego_Acercamiento_al_conce_GUERRERO_PASTOR_MARTA.pdf}
}

@article{Ref4, 
  title={LA POLÍTICA A LA QUE JUGAMOS. CULTURA, VIDEOJUEGOS Y LUDOFICCIÓN POLÍTICA EN LA PLATAFORMA STEAM},  
  author={STEAM, ON}
}

@article{Ref5, 
  title={Análisis de la industria del videojuego en España},  
  author={Autor Desconocido},  
  year={2024},  
  journal={Riunet},  
  url={https://riunet.upv.es/bitstream/handle/10251/45702/Trabajo%20final%20carrera.pdf}
}

@article{Ref6, 
  title={Plan de marketing para una empresa de videojuegos},  
  author={Autor Desconocido},  
  year={2024},  
  journal={Universidad Nacional de Cuyo},  
  url={https://bdigital.uncu.edu.ar/objetos_digitales/15654/plan-de-marketing-para-una-empresa-de-videojuegos.pdf}
}

@article{Ref7, 
  title={Innovate or game over? Examining effects of product innovativeness on video game success}, 
  author={Handrich, Franziska and Heidenreich, Sven and Kraemer, Tobias}, 
  journal={Electronic Markets}, 
  volume={32}, 
  number={2}, 
  year={2022}, 
  url={https://doi.org/10.1007/s12525-022-00521-7}
}

@article{Ref8, 
  title={Mastering uncertainty: A predictive processing account of enjoying uncertain success in video game play}, 
  author={Deterding, Sebastian and Andersen, Marc Malmdorf and Kiverstein, Julian and Miller, Mark}, 
  journal={Frontiers in Psychology}, 
  volume={13}, 
  year={2022}, 
  url={https://www.frontiersin.org/journals/psychology/articles/10.3389/fpsyg.2022.924953/full}
}

@book{Ref9, 
  title={Flow: The Psychology of Optimal Experience}, 
  author={Csikszentmihalyi, Mihaly}, 
  year={1990}, 
  publisher={Harper & Row}
}

@book{Ref10, 
  title={The Behavior of Organisms: An Experimental Analysis}, 
  author={Skinner, B.F.}, 
  year={1938}, 
  publisher={Appleton-Century}
}

@misc{Ref11, 
  title={Video game preferences}, 
  author={{Wikipedia}}, 
  year={2024}, 
  howpublished={\url{https://en.wikipedia.org/wiki/Video_game_preferences}}
}

@misc{Ref12, 
  title={Video game mechanics}, 
  author={{Wikipedia}}, 
  year={2024}, 
  howpublished={\url{https://en.wikipedia.org/wiki/Video_game_mechanics}}
}

@article{Ref13,
  title={Estudio de mercado sobre juegos para móviles y gaming},
  author={{We Are Testers}},
  year={2024},
  url={https://www.wearetesters.com/estudios-de-mercado/gaming/},
  note={Fecha de actualización: 14 abril, 2024}
}

=======
>>>>>>> deb7f4f423637cf30fb39466668dd2387f653ff2
